@ARTICLE{Smith:2013jd,
	author = {A. B. Jones, and J. M. Smith},
	title = {Article Title},
	journal = {Conference / Journal Title},
	year = {year},
	volume = {volume},
	pages = {page numbers},
	number = {number},
	publisher = {Publisher}
},